2876 4674
282 387 364 464 74,
488 401 493 418 '
686 426 889 451 .-.--

278 573 578 649 &sonohieeemt
605 573 1287 664 mininiuportummvecmsestet

276 674 493 742 Athenienses
520 689 615 764 etque
650 672 865 758 Myrilenaeos
896 679 932 739 in
958 673 1071 740 urhem
1103 661 1286 762 eompulsos
1367 739 1372 747 ,

277 771 445 838 obsidione
472 775 591 852 cinxit,
616 773 775 837 universis
801 768 1008 855 Methymnae
1037 773 1168 853 ineolis,
1204 797 1287 862 quos

275 869 542 934 Lacedaemoniis
570 883 666 934 antee
690 867 931 946 conciliaverat,
955 867 1134 953 Mytilenen
1160 877 1286 937 sontis

274 987 454 1054 menaeus
474 969 647 1054 poma
671 965 757 1049 ⁰5¹⁰
776 953 946 1031 rem
964 989 1042 1052 rese
1061 967 1286 1054 ωΜΨ)

142 1107 147 1114 -
274 1063 392 1128 Conon
419 1068 455 1128 in
478 1077 584 1128 tanus
609 1064 764 1128 adductus
790 1067 955 1150 angustias
974 1087 1075 1129 nares
1099 1065 1180 1128 duas
1202 1067 1287 1151 opti-

272 1165 338 1228 mis
357 1159 531 1248 remigibus
548 1163 718 1228 instructas
737 1161 779 1226 ad
794 1161 950 1226 auxilinm
965 1161 1189 1226 aroesseudum
1202 1159 1286 1226 elam

273 1257 726 1350 hostibuseportuemisit.
772 1255 811 1320 In
839 1257 938 1322 altum
966 1273 1285 1323 eveetaseumeon-

272 1359 435 1442 spieerent
451 1355 710 1434 Laoedaemonii‚
731 1357 858 1418 aueoris
877 1353 1028 1420 ahscieffl
1045 1379 1102 1420 ens
1130 1377 1284 1442 persem-

147 1491 151 1496 -
273 1455 299 1515 ti
320 1467 396 1516 sunt
420 1451 612 1538 alteramque
636 1451 696 1516 suh
724 1473 873 1542 oceasum
896 1452 975 1518 solis
1004 1467 1128 1539 mptum
1153 1455 1189 1515 in
1206 1475 1282 1538 por-

273 1561 343 1613 tum
372 1549 581 1612 reduxerunt.
615 1547 728 1614 Altera
746 1571 825 1613 vero
854 1552 945 1613 nevis
979 1539 1125 1615 Athenas
1157 1549 1285 1634 aufugit

271 1646 484 1732 mandataque
509 1645 551 1710 ad
577 1644 792 1710 Athenienses
814 1646 933 1724 retulit,
955 1651 1013 1736 qui
1032 1667 1133 1711 neves
1154 1659 1282 1710 eentum

268 1744 428 1808 etdeeem
448 1741 636 1828 allegarunt,
645 1741 812 1808 Cononem
821 1741 988 1810 obsidione
999 1744 1197 1808 liberaturus.
1209 1741 1282 1826 ¹⁷⁵)

271 1837 494 1904 Callicratidas
530 1859 602 1902 eum
630 1839 673 1901 ed
705 1837 886 1924 Arginussas
927 1845 1050 1906 versari
1076 1843 1284 1928 cognovisset

270 1935 505 2014 Athenienses,
529 1937 601 2022 ipse
629 1957 754 2024 quoque
771 1937 848 2001 illue
863 1941 1023 2025 proiectus
1044 1951 1104 2014 est,
1124 1937 1281 2001 Eteonieo
1418 1947 1423 1954 '

272 2057 346 2100 oum
363 2033 499 2098 navibus
526 2036 754 2122 quinquaginta
782 2035 823 2098 nd
850 2033 1029 2119 Mytilenen
1052 2035 1176 2100 relicto.
1213 2035 1282 2099 Le·

251 2129 485 2208 ,oedaemoniis
507 2131 629 2217 proelio
664 2135 863 2197 atrocissimo
897 2135 1072 2219 superatis,
1104 2127 1281 2199 Eteonieus

271 2229 406 2294 desuem
426 2251 518 2292 sumn
538 2227 655 2293 Chium
673 2243 783 2316 petere
809 2232 913 2307 iussit,
940 2233 1010 2314 ipse
1027 2252 1105 2295 vero
1130 2252 1203 2295 eum
1224 2255 1280 2295 eo-

268 2329 331 2413 piis
344 2324 546 2391 terrestribus
560 2317 780 2408 Methymnam
789 2323 862 2412 ¹²⁶)
882 2347 918 2390 se
938 2327 1079 2392 eontulit.
1100 2327 1280 2393 Athenien-

269 2447 324 2488 ses
340 2423 382 2488 nh
393 2425 565 2507 Arginusis
577 2419 755 2505 Mytilenen
776 2428 967 2509 unrigarunt
986 2425 1124 2514 indeque
1142 2425 1279 2490 Conone

141 2509 145 2518 ’
267 2531 410 2585 assumto
428 2517 559 2584 Samum
579 2517 863 2604 treieeerunt.¹⁷⁷)

350 2617 474 2682 Frnetis
501 2616 543 2679 ud
578 2616 835 2702 Aegospotamos
866 2617 1112 2682 Atheniensium
1143 2618 1279 2698 ritihus,

266 2715 437 2800 Lysander
461 2733 507 2776 ex
535 2712 746 2800 Hellesponto
773 2737 846 2780 eum
870 2715 972 2780 classe
987 2715 1132 2782 Lesbum
1152 2717 1278 2782 delatus

267 2809 447 2896 Mytilenen
466 2823 501 2876 et
520 2811 642 2874 ceteras
662 2809 759 2874 urbes
785 2811 913 2898 suhegit
931 2834 1094 2900 novusque
1111 2837 1277 2900 rermupu-

267 2909 422 2976 hliemut
445 2910 564 2974 formas
590 2907 845 2994 comdentem)
897 2909 1011 2997 Neque
1039 2925 1145 2976 temen
1170 2913 1277 2976 Laee-

241 3029 246 3040 ·
267 3008 429 3072 daemonii
450 3005 581 3092 longius
611 3027 706 3094 quam
732 3025 834 3071 annos
857 3007 1026 3074 duodecim
1054 3011 1151 3072 totius
1173 3007 1277 3072 Leshi

265 3107 471 3193 possessione
496 3105 601 3190 gavisi
628 3117 712 3166 snut.
753 3101 837 3168 Nam
853 3119 927 3190 post
945 3108 1109 3182 victoriam
1120 3103 1298 3168 'narule'

120 3269 127 3286 ,
266 3201 331 3270 01.,
349 3199 472 3278 XCVI,
498 3201 530 3263 3.
555 3201 597 3263 nd
623 3197 760 3264 Cnidum
787 3215 979 3286 reportatam
1007 3201 1122 3266 Conon
1146 3215 1275 3286 praeter

265 3297 346 3364 olias
373 3299 518 3362 civitates
545 3295 724 3380 Mytilenen
752 3300 786 3360 in
805 3297 1051 3364 Atheniensium
1066 3297 1164 3362 fidem
1184 3317 1275 3374 reee-

182 3490 191 3508 ·
266 3393 406 3484 pit.¹⁷’)
453 3393 580 3481 Olymp.
607 3391 745 3472 XCVII,
780 3395 812 3457 3.
843 3391 1064 3477 'l'hrasyhulus
1096 3395 1275 3473 Stiriensis,

334 3566 394 3628 Η·)
411 3562 528 3616 ntoeor.
548 3559 635 3614 Sicut.
650 3559 724 3622 xm,
742 3559 787 3612 re.
804 3560 931 3629 senape..
949 3562 986 3614 u
1004 3561 1053 3613 or.
1069 3562 1092 3624 1,
1109 3564 1138 3624 n,
1154 3561 1204 3614 ts.
1306 3543 1312 3551 '

338 3657 397 3718 m)
415 3655 533 3708 Diodor.
548 3651 633 3706 sinu
651 3651 701 3704 hl.
718 3651 847 3722 Xenoph.
868 3651 942 3706 llist.
962 3655 1011 3706 Gr.
1029 3651 1051 3720 l,
1070 3655 1099 3718 6,
1119 3655 1155 3707 ill
1173 3681 1209 3691 -
1226 3657 1273 3707 nt.

336 3747 400 3814 W)
416 3749 505 3800 Teste
524 3743 710 3814 Xenophonte
733 3746 808 3798 llist.
830 3746 878 3798 Gr.
902 3747 925 3810 1,
942 3747 971 3811 o,
989 3745 1036 3802 37.
1058 3748 1203 3806 Diodorus
1221 3749 1273 3800 hl.

264 3829 400 3900 Pyrrhum
417 3844 481 3882 eun
498 3827 654 3896 profectum
671 3842 734 3878 esse
751 3828 829 3880 dieit.

335 3924 395 3978 ¹⁷’l
413 3920 531 3973 Diodor.
546 3919 593 3971 hl.
612 3918 739 3988 Xenoph.
757 3921 794 3972 tt.
812 3921 861 3974 Gr.
877 3921 899 3985 1,
916 3923 945 3985 6,
962 3919 1008 3975 38.

333 4015 392 4078 ¹⁷⁸)
410 4011 537 4082 xenopu
555 4013 592 4064 u
611 4011 661 4064 ur.
680 4011 716 4075 u,
730 4013 760 4066 2
775 4013 803 4074 5.
1055 3985 1065 4010 ⁸

335 4105 398 4174 Η’)
415 4089 531 4160 moror.
553 4105 638 4158 suut.
655 4104 730 4168 xlv,
747 4103 794 4160 ee
895 4147 901 4158 .
1027 4103 1031 4112 ’
