2860 4672
596 397 797 432 -4--2-
1129 376 1195 450 151

194 579 266 621 cnm
295 555 423 622 Thomu
445 555 627 642 Lydiato
617 571 650 623 ιιι
680 581 721 624 eo
730 483 902 626 chronici
930 561 1017 628 Parii
1041 563 1130 641 loco,
1154 563 1194 628 d'e

171 673 255 740 ¹quc
298 667 393 719 antea
419 676 523 719 sermo
548 655 650 732 lactus
677 653 737 734 e'rt,
772 658 1194 726 ΤΗΝΕΜΠΡΟΣΘΕΔΗ-

114 797 117 804 .
190 745 767 815 ΜΟΤΑΙΚΗΝΜΕΤΕΣΤΗΣΕΝ
795 755 976 835 ponendum
1023 777 1096 820 esse
1129 756 1191 821 sibi

189 867 376 931 persuasum
389 847 521 926 babent,
535 849 705 914 adlitem'
695 871 730 912 ιιι
752 843 1006 936 Terpandrmn
990 876 1010 917 a
1027 853 1191 918 Lacedae-
1279 925 1283 932 ¹
1380 906 1384 914 .

188 949 304 1010 moniis
329 945 450 1010 illatam
474 951 591 1030 respici
616 946 802 1023 amineam
830 943 1062 1034 Terpandrmn,
1086 953 1202 1048 morif-

119 1045 125 1070 ⁸
187 1061 241 1109 mo
258 1063 384 1126 semper
401 1044 523 1116 honore
538 1057 699 1121 ornatum,
715 1056 844 1126 propter
861 1045 963 1130 lyram
972 1046 1097 1134 legibus
1115 1069 1190 1112 tan·
1192 1011 1312 1092 ι

187 1153 270 1205 ctam
288 1141 481 1228 solamque'
470 1163 506 1206 ιιι
524 1164 585 1205 usu
606 1139 746 1204 habitam
767 1140 943 1224 Spartanos
963 1145 1118 1228 supplicio
1129 1165 1188 1211 nn

187 1239 282 1324 quam
303 1239 449 1303 affecisse
469 1241 599 1303 omnino
618 1250 746 1322 negat.
774 1237 806 1303 A
822 1238 916 1306 nobis
936 1263 1015 1306 vero
1036 1239 1189 1306 Chronici
1215 1278 1219 1286 ·

111 1401 114 1408 ,
186 1335 273 1400 Parii
287 1336 360 1400 loco
381 1351 509 1399 sensum
528 1339 636 1398 inesse
656 1335 750 1416 plane
771 1335 930 1401 diversum
949 1336 990 1402 ab
1012 1359 1063 1415 eo,
1094 1355 1188 1424 quem

96 1495 100 1503 ,
184 1431 267 1496 falsa
290 1435 474 1498 coniectura
498 1431 605 1496 intulit
629 1432 805 1514 Lydiatus,
823 1453 920 1516 supra
940 1435 1187 1500 demonstratum

53 1543 62 1554 ‘
185 1541 252 1605 ost‚
263 1529 412 1614 ntlocus
425 1529 480 1594 ille
499 1527 749 1594 eum-Plutarchi
773 1534 955 1596 narratione
981 1531 1069 1598 nulla
1091 1513 1186 1594 modo

183 1631 359 1709 comparari
378 1631 491 1712 possit,
516 1649 599 1714 qnae
618 1639 725 1692 utrum
742 1647 820 1690 vera
841 1629 893 1705 sit,
911 1649 953 1692 an
973 1647 1049 1704 non,
1071 1617 1194 1690 diiudi·'
1244 1658 1250 1668 =

90 1795 95 1812 ι
182 1735 255 1805 catp
274 1723 403 1790 difficile
420 1737 478 1791 est.
519 1725 636 1789 Parum
650 1735 729 1788 sane
747 1724 920 1790 vedsirnile
938 1726 1063 1790 ridetur
1082 1722 1185 1807 'l'erp-
1269 1775 1275 1786 .

182 1823 325 1906 andrean,
349 1826 440 1888 euius
469 1822 571 1908 lyram
594 1833 717 1904 septem
743 1821 871 1887 chordis
888 1826 1075 1888 insnaemm
1095 1834 1184 1886 tanto

179 1919 358 1984 inhonore
391 1920 552 1995 habebant
581 1920 849 1998 Lacedaemonii,
873 1935 909 1986 ιιί
933 1924 968 1985 in
992 1921 1184 2004 Phrynidem

181 2029 214 2078 et
230 2014 437 2081 'l'imotbemn
455 2019 509 2103 qul
530 2035 631 2080 novos
644 2013 695 2077 illi
712 2015 900 2079 addiderunt
917 2039 1033 2082 nervos
1042 2016 1184 2080 animad-

156 2121 351 2192 ‘merent
377 2135 515 2200 unquam
541 2111 725 2176 mulctatum
752 2112 863 2187 luisse,
887 2116 950 2176 nisi
967 2115 1052 2180 'forte
1069 2113 1182 2200 aliquit

142 2209 340 2284 ''Plutarcbi
377 2212 590 2274 narrationem
624 2211 672 2272 sic
698 2207 870 2274 defendere
898 2210 993 2289 velit,
1025 2224 1060 2274 ut
1088 2211 1181 2288 dicat,
1298 2244 1305 2262 x

46 2303 54 2318 '
130 2327 141 2342 ·
178 2307 353 2390 Spartanos
376 2311 478 2393 primo
503 2308 630 2394 quidem
654 2326 775 2388 poenas
793 2309 952 2394 sumsisse
977 2309 1017 2371 dc
1035 2305 1180 2389 Terpan-
1211 2379 1220 2392 ,
1266 2301 1284 2320 “

178 2411 247 2474 dre
263 2405 425 2494 lyramque
450 2408 520 2468 eius
544 2425 635 2468 muro
663 2403 766 2500 clavis
787 2405 941 2498 affixisse,
970 2406 1084 2472 deinde
1101 2425 1179 2467 vero

177 2507 337 2567 sententia
350 2517 475 2584 mutata
495 2503 644 2568 mulctam
672 2501 718 2565 illi
738 2504 911 2588 irrogatam
931 2505 1072 2588 praemio
1093 2523 1179 2578 com·
1271 2512 1275 2524 ‘

175 2619 329 2688 pensaape
355 2602 570 2686 citharamque
599 2599 723 2664 solenni
743 2601 870 2664 decreto
890 2603 1043 2666 sancitam
1061 2602 1096 2664 in
1117 2619 1177 2676 usn
1294 2613 1298 2620 '
1331 2603 1335 2612 '

139 2785 141 2790 ι
174 2711 328 2781 perpetuo
354 2699 515 2764 habuisse.
565 2697 720 2782 Equidem
739 2710 845 2760 tamen
864 2695 950 2762 haud
969 2697 1101 2764 multum
1121 2698 1200 2778 πίῃ

175 2792 240 2859 buo
259 2795 333 2859 huic
360 2800 488 2862 rationis
534 2794 860 2858 marmannorum
883 2818 922 2860 eo
944 2795 1073 2872 haereo,
1092 2795 1177 2883 quod

110 2935 116 2944 -
174 2893 218 2954 de
233 2914 300 2956 una
326 2895 445 2959 chorda
467 2896 625 2978 primitivo
645 2912 814 2958 nervorum
835 2913 967 2956 numero
993 2916 1012 2955 e
1032 2887 1177 2974 Terpan-

105 2997 111 3004 '
174 2989 230 3052 dro
251 2990 357 3078 addita
377 2992 486 3061 scribit
502 2989 699 3056 Plutarchus.
739 2987 826 3058 Nam
842 3011 907 3068 nou
929 3010 1026 3054 unam
1045 3003 1177 3067 tantum,
1268 3049 1272 3056 ,
1306 3014 1315 3055 ,·

172 3089 229 3167 sed
243 3103 321 3154 ‘tres
343 3089 477 3155 chordas
496 3103 642 3177 quattuor
662 3090 815 3171 pristinae
830 3085 918 3170 lyrae
929 3090 1044 3152 nervis
1064 3087 1175 3151 adiun-

170 3189 260 3250 xisse
290 3185 511 3270 'l'e‘rpandrum
537 3199 623 3252 certo
652 3195 784 3258 constat.
834 3179 926 3259 Quae
946 3188 1081 3249 comita
1099 3187 1174 3262 sint,

171 3306 233 3368 ego
254 3289 469 3350 narrationem
486 3285 646 3349 Plutarchi
666 3285 717 3358 iis,
735 3301 817 3366 quae
839 3306 859 3346 a
878 3285 992 3348 ceteris
1013 3283 1172 3366 scriptori-

171 3382 229 3446 bus
263 3383 464 3466 proleruntur
494 3403 634 3468 unquam
663 3379 868 3464 probabiliter
896 3379 1097 3446 conciliatum
1132 3381 1173 3442 iri
1280 3409 1287 3421 ·
1414 3423 1415 3478 q

168 3480 372 3544 vehementer
393 3479 511 3543 dubito.
523 3479 574 3561 ⁴⁴)

250 3561 318 3628 lam
344 3565 502 3651 quomodo
528 3562 775 3650 heptachordum
805 3551 983 3646 Terpaudri
1011 3581 1173 3646 compara·
1269 3591 1273 3604 ·
1393 3511 1414 3553 ’ἵ

123 3775 339 3830 Ι’Δίόιιιιιιιιιιιιιι
365 3776 414 3831 lib.
432 3777 506 3840 XlV,
531 3793 558 3846 p.
581 3774 647 3830 628.
665 3775 698 3827 ll.
721 3768 938 3841 Acatdcqtdnot
961 3770 1000 3836 di,
1020 3774 1120 3843 inquit,
1146 3767 1179 3826 εἰ

164 3857 214 3926 μὲν
228 3854 388 3927 ἐμάνθανον
405 3853 454 3926 τὴν
469 3853 609 3928 μουσικὴν,
623 3852 700 3912 οὐδὲν
714 3852 845 3926 λέγουσιν·
860 3850 901 3908 ὅτι
917 3852 947 3908 dt*
963 3853 1063 3926 ,κρίνειν
1072 3851 1170 3916 ὄνων-

152 3957 209 4008 Ιιιιι
224 3939 309 4002 καλῶς
329 3937 376 4008 τὴν
396 3939 487 4008 τέχνην
504 3938 675 4012 ὁμολογῆται
696 3931 765 4010 παρ’
786 3929 880 3992 nith.
898 3935 945 3989 nat
962 3954 1033 4004 φασι
1048 3932 1105 4007 τρὶς
1118 3931 1169 4002 idq

128 4086 146 4094 μ
165 4021 311 4076 σεσωκέναι
326 4019 557 4094 ὄιαφθειριιμὲνην
573 4017 666 4086 αὐτήν.
693 4017 823 4072 Sicenlm
837 4024 973 4082 statuunt,
992 4020 1111 4090 primum
1122 4034 1168 4072 eo·
1212 4083 1222 4092 .

163 4118 234 4167 rum,
254 4105 301 4174 qui
321 4106 358 4158 ob
378 4113 536 4174 corruptam
556 4103 689 4156 musicam
707 4099 841 4168 supplicio
858 4095 953 4153 affecti
969 4102 1034 4164 aiut,
1046 4102 1168 4170 Terpan-

142 4183 241 4262 ·drurn
261 4203 334 4250 ecte,
353 4189 503 4265 secundqtn
521 4185 701 4255 l'hrynidem,
720 4181 832 4236 tertium
849 4182 1036 4236 dimotbeuru.
