2860 4672
276 451 280 454 -
549 387 772 400 ¹·--·-
931 401 935 408 ·
1065 415 1069 432 ,
1100 357 1170 444 201

46 619 51 628 ι
166 541 230 617 illa
242 561 325 628 quae
345 539 385 604 de
410 463 629 609 humantur
655 551 688 602 et
716 483 907 618 de·Baoeho
927 535 1036 611 narrat
1051 539 1175 612 Diodo—

167 663 226 705 rus
252 639 412 724 Dionysio
444 633 708 718 Seytohraehioni
748 637 858 704 deberi
883 644 1054 707 existimat.
1112 639 1179 706 Sed

139 740 270 824 ‘neqde
297 737 360 802 lroo
387 731 596 817 probandum,
624 754 727 820 neque
756 733 909 802 Creuzeri
934 741 1102 820 sententia,
1123 739 1177 823 (de
1313 737 1318 748 '

167 846 235 898 arte
263 821 337 898 hist.
362 830 477 896 (isaeo.
498 852 530 915 p·
556 828 649 913 76.)
639 852 674 893 ιιι
693 831 843 896 Diodori
851 833 934 899 locis
953 836 993 900 de
1013 835 1173 920 Dionysio

167 927 304 994 Milesio
336 927 540 1015 cogitandum
572 929 796 1004 existimantis.
845 906 891 996 E
925 929 1034 998 Samio
1071 931 1223 1018 potius'
1288 967 1291 972 -
1351 957 1355 964 ,

167 1025 328 1110 Dionysio
354 1025 407 1089 res
425 1023 571 1088 laudatus
590 1023 735 1092 hausisse
755 1025 914 1112 putandus
936 1012 994 1094 e'st
1003 1027 1177 1094 Diodorus.

37 1174 42 1186 .
169 1119 245 1197 Vid.
278 1121 427 1189 Panollra
449 1121 489 1186 de
514 1119 582 1186 reh.
612 1120 699 1185 Sam.
719 1145 752 1208 p.
742 1119 816 1188 .94
835 1144 881 1210 sq.
901 1121 1045 1194 Boeokh
1063 1105 1178 1214 Expli-

168 1231 242 1284 oste
271 1217 313 1283 ad
340 1219 432 1285 Pind.
460 1241 492 1304 p.
513 1218 587 1282 233.
615 1215 743 1284 Miiller.
772 1218 923 1308 Prolegg.
949 1223 992 1309 ad
998 1211 1120 1308 Myth.
1145 1243 1177 1310 p.

41 1373 45 1378 .
165 1315 221 1381 95.
239 1317 293 1380 98.
325 1317 379 1382 De
410 1318 550 1380 carmine
579 1318 670 1400 epioe
697 1315 847 1402 Dionysii
875 1295 1011 1384 fortasse
1039 1320 1203 1408 loquitur.

52 1496 56 1509 Ι
152 1411 333 1498 -Apollonii
360 1407 560 1491 scholiastes,
580 1416 628 1478 ita
648 1413 792 1480 scribens
814 1415 856 1480 ad
875 1415 931 1482 lih.
946 1415 987 1507 Il,
1007 1413 1081 1494 904.
1109 1414 1178 1525 Ὅτι
1210 1423 1213 1437 '
1270 1459 1290 1510 .·
1409 1421 1413 1429 ’

123 1573 126 1582 ,
169 1509 404 1592 surmolae'unoer
423 1507 570 1584 ’Iudoue‘
553 1533 573 1574 o
594 1506 753 1590 Διόνυσος,
774 1507 930 1586 Διονύσιός
948 1537 1029 1596 φησι.
1104 1515 1107 1524 ’

180 1624 182 1629 ·
251 1607 397 1674 Incertae
426 1611 540 1673 aetatis
568 1621 618 1674 est
643 1607 743 1674 Tleol
728 1612 811 1694 lytris
830 1609 1076 1696 Methymnaeus
1099 1607 1178 1679 duoss
1217 1588 1219 1592 Ι
1282 1653 1285 1676 .

168 1702 229 1772 bus
260 1703 422 1773 Athenaei
455 1705 536 1772 loeis
568 1711 630 1772 n'eo
663 1729 731 1772 non
764 1730 785 1772 a
817 1707 989 1774 scholiasta
1014 1709 1206 1796 ΑῙιοΙΙοιιίἰί
1278 1738 1292 1771 a

76 1851 82 1864 ,
109 1843 120 1856 »
164 1801 297 1874 'Rhodii
319 1786 593 1892 commemoratus.
648 1804 745 1891 Apud
774 1805 977 1870 Athenaeum
1009 1821 1113 1888 reete,
1143 1821 1179 1871 ut

165 1901 317 1986 ,equidem
344 1903 478 1986 opinor,
502 1903 689 1986 scripturam
710 1899 858 1977 Θεόλυτος
880 1903 1041 1972 codicibus
1062 1903 1185 1970 confir?

107 2027 108 2034 ι
169 2009 288 2062 matam
324 1999 456 2062 retinuit
491 1995 814 2086 schweighauserus‚
862 2015 969 2088 spreta
995 2000 1179 2068 Casauboui
1273 1990 1280 2000 ’
1309 2065 1312 2083 ⁴
1354 1994 1359 2012 ‘

170 2097 339 2172 reumatis,
366 2096 422 2182 qui
442 2075 640 2184 iniunopue
661 2096 733 2161 loeo
757 2093 923 2170 Θιόκλυτος
941 2100 1055 2181 reponi
1074 2101 1177 2162 iusse-

169 2201 229 2256 rat.
277 2187 389 2278 Neque
414 2194 531 2268 iniuria
547 2191 773 2260 casaubonum
790 2193 993 2282 reprehendit
1014 2193 1178 2282 Schweig·
1199 2211 1201 2216 '

170 2285 336 2376 luderetur,
361 2290 447 2376 quod
469 2289 527 2356 ille
552 2289 745 2376 Theolytum
771 2290 1084 2382 Lesbium'enndem
1113 2305 1177 2356 stu-

171 2395 276 2450 tuerat
296 2407 368 2450 euru
387 2384 542 2467 Theoole,
564 2393 619 2476 qui
636 2389 916 2477 lthpphellinornm
942 2389 1178 2454 anotor'lauda-

170 2495 224 2546 tur
243 2481 284 2560 ab
301 2481 469 2553 Athenaeo
490 2485 545 2552 lib.
564 2484 624 2552 Xl.
645 2510 676 2576 p.
699 2485 830 2559 497..st
862 2485 981 2554 Noster
1001 2483 1178 2571 Theolytus
1281 2479 1302 2575 1'
1417 2479 1421 2490 '

171 2578 306 2662 Βακχικὰ
332 2579 390 2662 ἔπη
420 2586 607 2670 composuit,
631 2607 764 2670 quorum
784 2583 881 2650 husee
908 2605 1017 2648 versus
1038 2587 1179 2650 servavit
1216 2603 1219 2611 ’
1301 2587 1309 2600 ’
1420 2637 1421 2646 ,

171 2675 375 2758 Athenaeus,
405 2680 607 2767 depromptos
631 2701 676 2746 ex
703 2703 849 2747 sermone
871 2681 1029 2746 Glaucia
1048 2679 1176 2746 Baccho

172 2776 257 2863 quod
273 2773 435 2864 Ariadnae
454 2780 489 2841 in
510 2776 607 2844 Naxo
627 2781 693 2846 vim
716 2779 835 2844 inferre
854 2792 1031 2847 tentaverat
1049 2777 1178 2865 palmite

171 2876 272 2938 vineti
292 2897 314 2940 a
340 2875 463 2965 deoque
484 2888 521 2942 nt
540 2878 648 2962 ipsum
663 2878 698 2944 in
717 2875 894 2942 libertatem
914 2875 1090 2942 vindicaret
1104 2898 1177 2962 pre-

8 2993 10 3000 '
174 2967 292 3038 tanin·

253 3110 459 3196 iludqdudo‘
426 3137 461 3179 ru
480 3136 525 3190 τις
546 3114 625 3180 ἐστὶν
644 3115 695 3178 tut
719 3111 862 3200 πλευροῖο
884 3109 1052 3197 θαλάσσης,

257 3209 359 3275 emtor
379 3211 523 3300 Εὐβοίης,
543 3211 647 3298 σχεδὸν
667 3212 858 3300 Eript'snoco‘
842 3236 956 3298 ροαων.

258 3307 345 3372 ἔνθεν
362 3308 470 3390 ἔγὼ’
433 3333 519 3401 γενος
531 3313 601 3424 sipi·
622 3309 722 3397 πατὴρ
742 3307 778 3374 de'
786 3333 820 3394 με
832 3315 947 3388 γείνατο
960 3307 1096 3384 Κωπεύς.
1167 3307 1170 3317 '

258 3458 360 3527 Porro
393 3459 587 3547 'l'heolytum
622 3463 668 3526 ἓν·
689 3460 816 3549 δευτέρῳ
847 3461 950 3544 Ὥρων
977 3464 1052 3528 citat
1079 3447 1181 3526 Athe·

174 3561 275 3624 naeus
299 3558 371 3626 libr.
392 3558 454 3639 XI,
473 3585 505 3647 p.
528 3557 600 3630 470.
629 3559 666 3638 C,
691 3566 726 3626 in
747 3584 810 3649 quo
828 3561 903 3626 loeo
924 3574 998 3626 ante
1016 3557 1180 3646 Schweig-
1249 3579 1259 3594 “
1349 3561 1353 3570 ’

149 3679 160 3712 ⁴·
174 3655 346 3722 hiiusernm
369 3656 535 3744 legebatur
558 3655 670 3741 Ὡρῶν,
693 3660 826 3745 proinde
854 3681 892 3722 ae
916 3659 946 3720 si
960 3659 1181 3723 ‘nominativus

175 3767 261 3820 esset
282 3745 370 3836 ὧραι.
412 3755 511 3820 Recte
534 3777 609 3820 vero
631 3753 779 3822 observat
798 3758 992 3836 novissimus
1012 3754 1066 3820 ille
1079 3753 1181 3819 Athe-

175 3855 249 3916 naei
274 3855 387 3931 editor,
416 3867 482 3918 tum
506 3854 569 3935 hie,
589 3867 656 3939 tum
671 3855 706 3918 in
723 3853 794 3918 aliis
814 3853 905 3932 loeis,
922 3852 978 3917 nbi
996 3848 1084 3936 ὡρῶν
1103 3851 1195 3929 οοιὶ-Ι

138 4011 140 4016 ,
173 3962 282 4034 ptores
309 3964 541 4030 memorentur,
563 3949 709 4038 reposito
739 3949 827 4036 (ὅρων
859 3949 1083 4038 intelligendos
1108 3967 1180 4013 esse

175 4047 348 4114 Annaliruu
376 4049 445 4116 sive
469 4047 689 4116 elmonioorum
708 4060 864 4116 austures.
898 4038 997 4129 Ὧρον
1019 4047 1104 4110 enim
1123 4067 1180 4110 an·
1286 4061 1303 4082 ⁹·
1344 4045 1349 4054 ’
